<marc:collection xmlns:marc="http://www.loc.gov/MARC21/slim" xmlns:xsi="http://www.w3.org/2001/XMLSchema-instance" xsi:schemaLocation="http://www.loc.gov/MARC21/slim http://www.loc.gov/standards/marcxml/schema/MARC21slim.xsd">
    <marc:record type="Bibliographic">
        <marc:leader>02108cem a2200457Ia 4500</marc:leader>
        <marc:controlfield tag="001">6237339</marc:controlfield>
        <marc:controlfield tag="005">20110304084018.0</marc:controlfield>
        <marc:controlfield tag="007">aj canzn</marc:controlfield>
        <marc:controlfield tag="008">071014s1870    nyu       a     0   eng d</marc:controlfield>
        <marc:datafield tag="035" ind1=" " ind2=" ">
            <marc:subfield code="a">(OCoLC)ocn174139381</marc:subfield>
        </marc:datafield>
        <marc:datafield tag="040" ind1=" " ind2=" ">
            <marc:subfield code="a">NYG</marc:subfield>
            <marc:subfield code="c">NYG</marc:subfield>
        </marc:datafield>
        <marc:datafield tag="019" ind1=" " ind2=" ">
            <marc:subfield code="a">22713298</marc:subfield>
            <marc:subfield code="a">58764470</marc:subfield>
        </marc:datafield>
        <marc:datafield tag="034" ind1="0" ind2=" ">
            <marc:subfield code="a">a</marc:subfield>
        </marc:datafield>
        <marc:datafield tag="035" ind1=" " ind2=" ">
            <marc:subfield code="a">(OCoLC)174139381</marc:subfield>
            <marc:subfield code="z">(OCoLC)22713298</marc:subfield>
            <marc:subfield code="z">(OCoLC)58764470</marc:subfield>
        </marc:datafield>
        <marc:datafield tag="043" ind1=" " ind2=" ">
            <marc:subfield code="a">n-us-ny</marc:subfield>
        </marc:datafield>
        <marc:datafield tag="050" ind1=" " ind2="4">
            <marc:subfield code="a">G3804.N4:2M3E635 1870</marc:subfield>
            <marc:subfield code="b">.B3</marc:subfield>
        </marc:datafield>
        <marc:datafield tag="052" ind1=" " ind2=" ">
            <marc:subfield code="a">3804</marc:subfield>
            <marc:subfield code="b">N4:2M3</marc:subfield>
        </marc:datafield>
        <marc:datafield tag="100" ind1="1" ind2=" ">
            <marc:subfield code="a">Bartlett, George Herbert.</marc:subfield>
        </marc:datafield>
        <marc:datafield tag="245" ind1="1" ind2="0">
            <marc:subfield code="a">Bartlett's illustrated map of New York City,or, Stranger's guide showing the public buildings, places of amusement and its' various architectural features</marc:subfield>
            <marc:subfield code="h">[map] /</marc:subfield>
            <marc:subfield code="c">designed and drawn ... by G.H. Bartlett.</marc:subfield>
        </marc:datafield>
        <marc:datafield tag="246" ind1="3" ind2="0">
            <marc:subfield code="a">Illustrated map of New York City</marc:subfield>
        </marc:datafield>
        <marc:datafield tag="246" ind1="3" ind2="0">
            <marc:subfield code="a">Stranger's guide</marc:subfield>
        </marc:datafield>
        <marc:datafield tag="255" ind1=" " ind2=" ">
            <marc:subfield code="a">Scale not given.</marc:subfield>
        </marc:datafield>
        <marc:datafield tag="260" ind1=" " ind2=" ">
            <marc:subfield code="a">New York :</marc:subfield>
            <marc:subfield code="b">G.H. Bartlett,</marc:subfield>
            <marc:subfield code="c">c1870</marc:subfield>
            <marc:subfield code="e">(N[ew] Y[ork] :</marc:subfield>
            <marc:subfield code="b">Major &amp; Knapp Eng. Mfg. &amp; Lith. Co.)</marc:subfield>
        </marc:datafield>
        <marc:datafield tag="300" ind1=" " ind2=" ">
            <marc:subfield code="a">1 map :</marc:subfield>
            <marc:subfield code="b">col. ;</marc:subfield>
            <marc:subfield code="c">51 x 88 cm.</marc:subfield>
        </marc:datafield>
        <marc:datafield tag="500" ind1=" " ind2=" ">
            <marc:subfield code="a">Shows streets and landmarks in Manhattan south of 61st Street.</marc:subfield>
        </marc:datafield>
        <marc:datafield tag="500" ind1=" " ind2=" ">
            <marc:subfield code="a">"Entered according to Act of Congress in the year 1870 by G.H. Bartlett in the office of the Librarian of Congress in Washington."</marc:subfield>
        </marc:datafield>
        <marc:datafield tag="500" ind1=" " ind2=" ">
            <marc:subfield code="a">Originally issued in covers, 21 x 10 cm.</marc:subfield>
        </marc:datafield>
        <marc:datafield tag="561" ind1=" " ind2=" ">
            <marc:subfield code="a">Historic Maps copy inscribed on verso: Property of Mrs. Richard S. Elliott.</marc:subfield>
            <marc:subfield code="5">NjP</marc:subfield>
        </marc:datafield>
        <marc:datafield tag="561" ind1=" " ind2=" ">
            <marc:subfield code="a">Historic Maps copy is from the estate of N.B. Fox, Princeton class of 1899.</marc:subfield>
            <marc:subfield code="5">NjP</marc:subfield>
        </marc:datafield>
        <marc:datafield tag="651" ind1=" " ind2="0">
            <marc:subfield code="a">Manhattan (New York, N.Y.)</marc:subfield>
            <marc:subfield code="v">Maps, Pictorial.</marc:subfield>
        </marc:datafield>
        <marc:datafield tag="651" ind1=" " ind2="0">
            <marc:subfield code="a">Manhattan (New York, N.Y.)</marc:subfield>
            <marc:subfield code="v">Maps.</marc:subfield>
        </marc:datafield>
        <marc:datafield tag="651" ind1=" " ind2="0">
            <marc:subfield code="a">New York (N.Y.)</marc:subfield>
            <marc:subfield code="v">Maps, Pictorial.</marc:subfield>
        </marc:datafield>
        <marc:datafield tag="651" ind1=" " ind2="0">
            <marc:subfield code="a">New York (N.Y.)</marc:subfield>
            <marc:subfield code="v">Maps, Tourist.</marc:subfield>
        </marc:datafield>
        <marc:datafield tag="655" ind1=" " ind2="7">
            <marc:subfield code="a">Maps</marc:subfield>
            <marc:subfield code="z">New York (State)</marc:subfield>
            <marc:subfield code="z">New York</marc:subfield>
            <marc:subfield code="y">1870.</marc:subfield>
            <marc:subfield code="2">aat</marc:subfield>
        </marc:datafield>
        <marc:datafield tag="655" ind1=" " ind2="7">
            <marc:subfield code="a">City maps</marc:subfield>
            <marc:subfield code="z">New York (State)</marc:subfield>
            <marc:subfield code="z">New York</marc:subfield>
            <marc:subfield code="y">1870.</marc:subfield>
            <marc:subfield code="2">aat</marc:subfield>
        </marc:datafield>
        <marc:datafield tag="700" ind1="1" ind2=" ">
            <marc:subfield code="a">Elliott, Richard S.,</marc:subfield>
            <marc:subfield code="c">Mrs.,</marc:subfield>
            <marc:subfield code="e">former owner.</marc:subfield>
            <marc:subfield code="5">NjP</marc:subfield>
        </marc:datafield>
        <marc:datafield tag="700" ind1="1" ind2=" ">
            <marc:subfield code="a">Fox, N. B.,</marc:subfield>
            <marc:subfield code="e">former owner.</marc:subfield>
            <marc:subfield code="5">NjP</marc:subfield>
        </marc:datafield>
        <marc:datafield tag="710" ind1="2" ind2=" ">
            <marc:subfield code="a">Major &amp; Knapp Engraving, Manufacturing &amp; Lithographic Co.</marc:subfield>
        </marc:datafield>
        <marc:datafield tag="856" ind1="4" ind2="1">
            <marc:subfield code="z">See the map</marc:subfield>
            <marc:subfield code="u">http://gisserver.princeton.edu/map/26055</marc:subfield>
        </marc:datafield>
        <marc:datafield tag="904" ind1=" " ind2=" ">
            <marc:subfield code="a">gls</marc:subfield>
            <marc:subfield code="b">g</marc:subfield>
            <marc:subfield code="h">m</marc:subfield>
            <marc:subfield code="c">p</marc:subfield>
            <marc:subfield code="e">20100914</marc:subfield>
        </marc:datafield>
        <marc:datafield tag="902" ind1=" " ind2=" ">
            <marc:subfield code="a">gls</marc:subfield>
            <marc:subfield code="b">m</marc:subfield>
            <marc:subfield code="6">e</marc:subfield>
            <marc:subfield code="7">m</marc:subfield>
            <marc:subfield code="d">v</marc:subfield>
            <marc:subfield code="f">1</marc:subfield>
            <marc:subfield code="e">20100916</marc:subfield>
        </marc:datafield>
    </marc:record>
    <marc:record type="Holdings">
        <marc:leader>00172nx  a22000851  4500</marc:leader>
        <marc:controlfield tag="001">6247625</marc:controlfield>
        <marc:controlfield tag="004">6237339</marc:controlfield>
        <marc:controlfield tag="005">20100914142041.0</marc:controlfield>
        <marc:controlfield tag="008">1009144u    8   1001uu   0901128</marc:controlfield>
        <marc:datafield tag="852" ind1="0" ind2=" ">
            <marc:subfield code="b">map</marc:subfield>
            <marc:subfield code="h">HMC01.5536</marc:subfield>
        </marc:datafield>
    </marc:record>
    <marc:record type="Holdings">
        <marc:leader>00182nx  a22000854  4500</marc:leader>
        <marc:controlfield tag="001">7317300</marc:controlfield>
        <marc:controlfield tag="004">6237339</marc:controlfield>
        <marc:controlfield tag="005">20130513164446.0</marc:controlfield>
        <marc:controlfield tag="008">1305134u    8   1001uu   0901128</marc:controlfield>
        <marc:datafield tag="852" ind1="8" ind2=" ">
            <marc:subfield code="b">elf1</marc:subfield>
            <marc:subfield code="h">Electronic Resource</marc:subfield>
        </marc:datafield>
    </marc:record>
</marc:collection>
